% Encoding: UTF-8

@Online{leachapplication,
  author    = {Leach, Jr., W. Marshall },
  title     = {On the Application of Superposition to Dependent Sources in Circuit Analysis},
  year      = {2009},
  urlday    = {27},
  urlmonth  = {4},
  urlyear   = {2019},
  url       = {http://leachlegacy.ece.gatech.edu/papers/superpos.pdf},
}

@Comment{jabref-meta: databaseType:bibtex;}

@Online{pspice,
	author	= {Cadence},
	title	= {Pspice website},
	url		= {https://www.pspice.com/}
}

@Online{ltspice,
	author	= {Analog Devices},
	title	= {LTspice XVII website},
	url		= {https://www.analog.com/en/design-center/design-tools-and-calculators/ltspice-simulator.html#}
}

@Online{tina,
	author	= {Texas Instruments},
	title	= {TINA website},
	url		= {https://www.tina.com/circuit-simulator/}
}
